@article{brenner2007computed,
  title={Computed tomographyâ€”an increasing source of radiation exposure},
  author={Brenner, David J and Hall, Eric J},
  journal={New England journal of medicine},
  volume={357},
  number={22},
  pages={2277--2284},
  year={2007},
  publisher={Mass Medical Soc}
}

@misc{schauer2009national,
  title={National Council on Radiation Protection and Measurements report shows substantial medical exposure increase},
  author={Schauer, David A and Linton, Otha W},
  journal={Radiology},
  volume={253},
  number={2},
  pages={293--296},
  year={2009},
  publisher={Radiological Society of North America, Inc.}
}

@article{protection2007icrp,
  title={ICRP publication 103},
  author={Protection, Radiological},
  journal={Ann ICRP},
  volume={37},
  number={2.4},
  pages={2},
  year={2007}
}

@article{trattner2014standardization,
  title={Standardization and optimization of CT protocols to achieve low dose},
  author={Trattner, Sigal and Pearson, Gregory DN and Chin, Cynthia and Cody, Dianna D and Gupta, Rajiv and Hess, Christopher P and Kalra, Mannudeep K and Kofler Jr, James M and Krishnam, Mayil S and Einstein, Andrew J},
  journal={Journal of the American College of Radiology},
  volume={11},
  number={3},
  pages={271--278},
  year={2014},
  publisher={Elsevier}
}

@article{boas2012ct,
  title={CT artifacts: causes and reduction techniques},
  author={Boas, F Edward and Fleischmann, Dominik and others},
  journal={Imaging Med},
  volume={4},
  number={2},
  pages={229--240},
  year={2012}
}

@ARTICLE{9474492,
  author={Bera, Sutanu and Biswas, Prabir Kumar},
  journal={IEEE Transactions on Medical Imaging}, 
  title={Noise Conscious Training of Non Local Neural Network Powered by Self Attentive Spectral Normalized Markovian Patch GAN for Low Dose CT Denoising}, 
  year={2021},
  volume={40},
  number={12},
  pages={3663-3673},
  doi={10.1109/TMI.2021.3094525}}
  
  @ARTICLE{8340157,
  author={Yang, Qingsong and Yan, Pingkun and Zhang, Yanbo and Yu, Hengyong and Shi, Yongyi and Mou, Xuanqin and Kalra, Mannudeep K. and Zhang, Yi and Sun, Ling and Wang, Ge},
  journal={IEEE Transactions on Medical Imaging}, 
  title={Low-Dose CT Image Denoising Using a Generative Adversarial Network With Wasserstein Distance and Perceptual Loss}, 
  year={2018},
  volume={37},
  number={6},
  pages={1348-1357},
  doi={10.1109/TMI.2018.2827462}}
  
  @article{yin2021unpaired,
  title={Unpaired image denoising via wasserstein GAN in low-dose CT image with multi-perceptual loss and fidelity loss},
  author={Yin, Zhixian and Xia, Kewen and He, Ziping and Zhang, Jiangnan and Wang, Sijie and Zu, Baokai},
  journal={Symmetry},
  volume={13},
  number={1},
  pages={126},
  year={2021},
  publisher={Multidisciplinary Digital Publishing Institute}
}

@article{radford2015unsupervised,
  title={Unsupervised representation learning with deep convolutional generative adversarial networks},
  author={Radford, Alec and Metz, Luke and Chintala, Soumith},
  journal={arXiv preprint arXiv:1511.06434},
  year={2015}
}

@article{chen2017low,
  title={Low-dose CT via convolutional neural network},
  author={Chen, Hu and Zhang, Yi and Zhang, Weihua and Liao, Peixi and Li, Ke and Zhou, Jiliu and Wang, Ge},
  journal={Biomedical optics express},
  volume={8},
  number={2},
  pages={679--694},
  year={2017},
  publisher={Optical Society of America}
}

@article{chen2017low2,
  title={Low-dose CT with a residual encoder-decoder convolutional neural network},
  author={Chen, Hu and Zhang, Yi and Kalra, Mannudeep K and Lin, Feng and Chen, Yang and Liao, Peixi and Zhou, Jiliu and Wang, Ge},
  journal={IEEE transactions on medical imaging},
  volume={36},
  number={12},
  pages={2524--2535},
  year={2017},
  publisher={IEEE}
}

@inproceedings{huang2017beyond,
  title={Beyond face rotation: Global and local perception gan for photorealistic and identity preserving frontal view synthesis},
  author={Huang, Rui and Zhang, Shu and Li, Tianyu and He, Ran},
  booktitle={Proceedings of the IEEE international conference on computer vision},
  pages={2439--2448},
  year={2017}
}

@article{goodfellow2014generative,
  title={Generative adversarial nets},
  author={Goodfellow, Ian and Pouget-Abadie, Jean and Mirza, Mehdi and Xu, Bing and Warde-Farley, David and Ozair, Sherjil and Courville, Aaron and Bengio, Yoshua},
  journal={Advances in neural information processing systems},
  volume={27},
  year={2014}
}

@article{yi2018sharpness,
  title={Sharpness-aware low-dose CT denoising using conditional generative adversarial network},
  author={Yi, Xin and Babyn, Paul},
  journal={Journal of digital imaging},
  volume={31},
  number={5},
  pages={655--669},
  year={2018},
  publisher={Springer}
}

@inproceedings{alsaiari2019image,
  title={Image denoising using a generative adversarial network},
  author={Alsaiari, Abeer and Rustagi, Ridhi and Thomas, Manu Mathew and Forbes, Angus G and others},
  booktitle={2019 IEEE 2nd International Conference on Information and Computer Technologies (ICICT)},
  pages={126--132},
  year={2019},
  organization={IEEE}
}

@inproceedings{he2016deep,
  title={Deep residual learning for image recognition},
  author={He, Kaiming and Zhang, Xiangyu and Ren, Shaoqing and Sun, Jian},
  booktitle={Proceedings of the IEEE conference on computer vision and pattern recognition},
  pages={770--778},
  year={2016}
}